@article{mooreslaw,
	title = {Cramming more components onto integrated circuits},
	author = {Moore, Gordon E.},
	journal = {Electronics Magazine},
	date = {1965-04-19}
}

@article{iotreview,
	title = {Internet of Things (IoT): A Literature Review},
	journal = {Journal of Computer and Communications},
	author = {Madakam S. and Ramasway, R. and Tripathi S.},
	date = {2015}
}

@online{coap,
	url = {http://coap.technology/},
	title = {CoAP Homepage},
	urldate={2022-01-06}
}

@online{mqtt,
	url = {https://mqtt.org/},
	title = {Mqtt Homepage},
	urldate = {2022-01-06}
}

@online{udp,
	url = {https://www.ipv6.com/general/udp-user-datagram-protocol/},
	title = {User Datagram Protocol},
	urldate = {2022-01-06}
}

@online{websocket,
	url = {https://datatracker.ietf.org/doc/html/rfc6455},
	title ={The WebSocket Protocol draft},
	urldate ={2022-01-06}
}

@article{tcp,
	title = {A Protocol for Packet Network Intercommunication},
	author ={Vinton G. Cerf and Robert E. Kahn},
	journal = {IEEE Transactions on Communications},
	date = {1974-05}
}

@book{stomquist,
  title = {Skrivboken},
  author = {Siv Strömquist},
  year = {2000},
  publisher = {Gleerups},
  address = {Malmö}
}

@online{dataterm-kth,
  author = {Svenska Datatermgruppen},
  title = {Information om datatermer},
  date = {1998-08-20},
  urldate = {2005-04-11},
}

@ARTICLE{eriksson-2001,
  author={Eriksson, M.},
  journal={IEEE Journal on Selected Areas in Communications}, 
  title={Dynamic single frequency networks}, 
  year={2001},
  volume={19},
  number={10},
  pages={1905-1914},
  doi={10.1109/49.957306}}
