@online{socket,
	title = {socket(2) - Linux man page},
	url = {https://man7.org/linux/man-pages/man2/socket.2.html},
	urldate = {2021-11-19}
}

@online{endianness,
	title = {Endianness (Wikipedia)},
	url = {https://en.wikipedia.org/wiki/Endianness},
	urldate = {2021-11-19}
}

@online{getaddrinfo,
	title = {getaddrinfo(3) - Linux man page},
	url = {https://man7.org/linux/man-pages/man3/getaddrinfo.3.html},
	urldate = {2021-11-19}
}
